@online{kafkaStreamsExample,
    author = "{Confluent inc.}",
    title = {Kafka streams examples},
    year = {2023},
    url = {https://github.com/confluentinc/kafka-streams-examples/blob/5.1.4-post/docker-compose.yml},
    urldate = {2023-12-29},
}
@online{topologyTestDriver,
    author = "{Apache software foundation}",
    title = {Testing Kafka Streams},
    year = {2023},
    url = "https://kafka.apache.org/documentation/streams/developer-guide/testing.html#testing-topologytestdriver",
    urldate = {2023-12-29},
}
@online{wiremock,
    author = "WireMock",
    title = "Wiremock tutorial (junit5 + jupiter)",
    year = {2023},
    url = {https://wiremock.org/docs/junit-jupiter/},
    urldate = {2023-12-29},
}
@online{composeTestContainer,
    author = "{AtomicJar inc.}",
    title = "Docker Compose Module",
    year = {2023},
    url = {https://java.testcontainers.org/modules/docker_compose/},
    urldate = {2023-12-29},
}
@online{mediumTierImpossibleVulnerability,
    author = "{The MITRE Corporation}",
    title = {CVE-2023-35116},
    date = {2023-07-26},
    url = {https://www.cve.org/CVERecord?id=CVE-2023-35116},
    urldate = {2023-12-29},
}
@online{gosuVulnCheck,
    author = {Tianon Gravi},
    title = {Gosu - Reporting Vulnerabilities},
    year = {2023},
    url = {https://github.com/tianon/gosu/security},
}
@online{gosuVulnCheckResults,
    author = {Tianon Gravi},
    title = {Govulncheck results at the time of writing the report},
    date = {2023-12-21},
    url = {https://github.com/tianon/gosu/actions/runs/7292774771/job/19874480929},
    urldate = {2023-12-29},
}
@online{nginxProxyPass,
    author = "{F5 inc.}",
    title = {HTTP Load Balancing},
    year = {2023},
    url = {https://docs.nginx.com/nginx/admin-guide/load-balancer/http-load-balancer/},
    urldate = {2023-12-29},
}